@book{hopcroft,
  title={Introduction to Automata Theory, Languages, and Computation},
  author={Hpcroft, J., Ullman, J},
  isbn={0-201-02988-X},
  year={2001},
  publisher={Addison Wesley}
}

